2080 3225
1122 216 1172 254 18

336 357 415 397 741
463 356 534 396 tibi
574 355 758 395 habeam.
803 355 883 393 785
917 355 1071 406 explete
1110 354 1305 395 animum.
1349 355 1431 394 788
1474 355 1649 395 invisum
1690 354 1806 395 hodie
1846 355 1951 407 [797

333 427 503 477 gloriam
543 425 662 477 esse}
720 424 803 464 816
842 424 1054 477 Pamphile
1093 423 1220 464 hodie.
1283 425 1365 464 847
1413 425 1470 465 ita
1517 425 1696 477 inquam.
1759 424 1832 465 Ad.
1866 425 1951 466 209

332 498 456 548 atque
489 495 624 537 etiam.
661 495 740 535 707
775 494 904 534 filium
937 506 1034 535 esse.
1090 495 1172 534 709
1206 494 1368 535 sinust‘?
1400 495 1505 536 hem.

472 576 656 628 Excepta
707 577 832 628 igitur
878 589 971 616 voce
1020 568 1105 639 ‘est'
1152 577 1193 616 in
1240 577 1346 617 thesi
1408 589 1613 622 versuum,
1646 577 1715 629 qui
1761 577 1950 618 trochaeo

331 648 538 694 finiuntur,
582 651 763 687 extrema
806 647 952 699 septies
992 647 1237 699 synaloepha
1278 647 1491 693 invenitur,
1533 659 1580 687 ac
1625 647 1753 688 sexies
1785 647 1951 700 quidem

331 719 372 759 in
404 717 588 759 iambicis
621 717 858 770 septenariis
891 716 996 757 circa
1020 718 1117 764 382,
1151 717 1275 757 semel
1308 717 1348 757 in
1372 717 1555 758 versibus
1577 718 1701 758 troch.
1724 717 1951 763 octonariis,

330 801 505 842 quorum
545 800 741 828 numerus
782 787 886 840 apud
929 790 1090 840 poetam
1124 788 1283 828 circiter
1315 788 1370 828 90
1404 792 1476 829 est.
1530 787 1685 828 Eadem
1716 787 1797 829 fere
1829 788 1950 828 huius

332 859 600 912 synaloephae
662 858 891 910 frequentia
953 858 1058 910 apud
1130 858 1322 898 Plautum
1386 858 1644 899 distribuitur
1705 858 1747 898 in
1808 870 1949 899 versus

329 930 490 971 circiter
525 930 648 969 1300.

471 999 666 1040 Elisiones
714 1000 755 1039 in
803 999 882 1038 arsi
932 999 1051 1039 huius
1099 999 1273 1040 trochaei
1324 999 1487 1051 positae.
1535 1000 1575 1039 in
1624 999 1773 1051 quibus
1813 999 1950 1040 minus

332 1070 616 1112 offendendum
648 1083 735 1111 esse
769 1082 847 1110 usu
870 1072 1080 1121 poetarum
1105 1069 1410 1122 dactylicorum.
1435 1070 1503 1122 qui
1526 1070 1791 1110 metricarum
1814 1070 1949 1122 legum

328 1141 675 1182 observantissimi
717 1140 965 1192 synaloepha
1005 1140 1044 1180 in
1086 1141 1167 1180 arsi
1211 1140 1459 1181 hexametri.
1510 1141 1626 1181 cuius
1668 1141 1837 1181 ultimus
1880 1153 1950 1194 pes

330 1212 516 1252 trochaeo
556 1211 612 1251 illi
654 1210 885 1251 simillimus
926 1214 998 1257 est,
1052 1214 1233 1252 extrema
1276 1223 1351 1251 non
1398 1211 1699 1257 abstinuerunt,
1746 1212 1951 1264 probatur,

331 1282 583 1335 reperiuntur
623 1281 905 1334 quadraginta,
949 1293 1125 1333 quarum
1157 1284 1331 1333 quatuor
1370 1284 1533 1322 tantum
1571 1282 1629 1322 sic
1659 1284 1870 1334 parantur,
1904 1286 1949 1323 ut

330 1353 456 1394 thesis
488 1365 660 1405 sequens
692 1354 909 1404 occupetur
942 1352 1134 1392 vocabulo
1166 1352 1465 1404 monosyllabo:
1510 1355 1606 1393 sunt
1637 1352 1748 1393 enim
1780 1353 1855 1393 loci
1888 1352 1950 1394 hi:

332 1424 477 1464 Heaut.
519 1424 601 1463 70⁴5
653 1423 789 1463 ordine
842 1434 1060 1463 omnemzz
1094 1423 1199 1463 hem.
1252 1422 1354 1462 Eun.
1397 1423 1481 1463 290
1523 1423 1682 1475 publice
1725 1426 1787 1463 est
1826 1435 1947 1464 nunc.

332 1495 414 1534 540
441 1493 714 1535 Chaereamzt
748 1483 781 1535 ei
815 1479 882 1535 fei.
952 1493 1025 1534 Ad.
1062 1494 1143 1533 709
1178 1493 1334 1534 sinu'st.
1369 1494 1473 1534 hem.

471 1565 559 1606 Hac
599 1565 740 1606 eadem
783 1566 939 1606 ratione
974 1564 1169 1604 Plautum
1203 1564 1381 1616 quinque
1416 1564 1511 1604 locis
1545 1576 1659 1604 voces
1692 1564 1948 1604 imminuisse

329 1639 621 1676 commemorat
655 1635 718 1677 W.
749 1636 890 1688 Meyer
922 1636 961 1675 in
994 1635 1069 1675 loci
1099 1635 1212 1675 citati
1247 1647 1294 1675 ea
1325 1636 1451 1687 parte,
1493 1635 1562 1674 ubi
1611 1634 1659 1674 de
1701 1634 1947 1687 synaloepha

330 1719 352 1745 a
383 1706 567 1747 Terentio
599 1706 639 1747 in
672 1719 841 1748 caesura
872 1706 1053 1747 admissa
1085 1705 1180 1756 agit.
1243 1703 1320 1746 Sed
1353 1705 1451 1746 haec
1483 1705 1703 1745 hactenus!

469 1789 584 1829 Alius
636 1801 829 1830 versuum
877 1789 999 1834 locus,
1045 1788 1113 1840 qui
1160 1788 1313 1828 elisioni
1363 1787 1531 1828 minime
1578 1787 1698 1835 favet,
1743 1789 1805 1828 est
1846 1787 1948 1828 arsis

331 1872 522 1900 versuum
564 1860 859 1900 trochaicorum
907 1859 1051 1912 prima,
1092 1871 1216 1910 quam
1259 1858 1423 1899 omnino
1464 1858 1733 1910 synaloephae
1785 1858 1950 1898 licentia

331 1942 474 1971 vacare
497 1930 743 1972 contendens
766 1929 960 1971 Klotzius
981 1931 1022 1970 in
1046 1929 1158 1970 libri:
1182 1928 1441 1990 ‘Grundzuge
1465 1928 1766 1969 alt-romischer
1786 1920 1948 1970 Metrik'

331 2014 366 2053 p.
404 2001 456 2041 72
497 2001 692 2041 erravisse
732 2001 834 2041 mihi
874 2000 1044 2041 videtur.
1109 1999 1293 2039 Primum
1325 2000 1434 2040 enim
1467 2012 1512 2040 eo
1544 1998 1733 2047 offendor,
1767 1998 1870 2051 quod
1902 2002 1951 2039 ut

332 2071 464 2112 valeat
495 2071 564 2111 illa
596 2072 810 2117 sententia,
856 2071 953 2111 locis
986 2072 1091 2111 circa
1126 2071 1178 2110 50
1213 2070 1409 2110 vocabula
1442 2069 1723 2122 monosyllaba
1755 2072 1947 2122 sequent-e

331 2142 487 2193 syllaba
528 2142 647 2193 longa
691 2142 848 2182 hiantia
888 2144 928 2182 et
971 2141 1141 2193 syllaba,
1183 2152 1287 2192 quae
1329 2140 1525 2192 sequitur,
1564 2141 1748 2193 correpta
1780 2139 1947 2191 legenda

332 2215 437 2252 sunt.
472 2212 605 2263 Quam
638 2212 941 2265 correptionem,
975 2212 1007 2252 si
1040 2223 1155 2252 voces
1187 2223 1340 2251 monos.
1373 2214 1420 2251 ut
1450 2211 1534 2251 ictu
1567 2213 1769 2251 acuantur
1790 2213 1950 2252 senten-

331 2283 481 2322 tiarum
514 2283 666 2323 ratione
699 2283 938 2335 postulatur,
972 2294 1041 2334 per
1073 2294 1114 2322 se
1147 2294 1225 2321 non
1257 2281 1445 2321 illicitum
1467 2293 1567 2321 num
1590 2284 1707 2333 poeta
1731 2281 1816 2321 sine
1838 2281 1949 2321 iusta

331 2365 455 2393 causa
477 2355 537 2393 tot
559 2353 655 2393 locis
677 2353 915 2405 praetulerit
936 2352 1106 2400 elisioni‚
1129 2351 1245 2392 valde
1268 2351 1439 2392 dubium
1462 2363 1551 2392 esse
1573 2354 1682 2404 puto.
1735 2350 1949 2391 Praeterea

333 2435 409 2463 non
442 2423 589 2464 desunt
620 2436 773 2467 versus,
806 2436 852 2464 ex
885 2423 1032 2476 quibus
1066 2423 1267 2475 scriptura
1300 2421 1485 2462 codicum
1517 2425 1678 2462 servata
1701 2421 1948 2474 synaloepha

331 2493 398 2533 illa
430 2494 625 2534 removeri
650 2506 814 2546 prorsus
838 2494 991 2546 nequit.
1047 2493 1181 2544 Quam
1204 2492 1490 2533 difficultatem
1512 2492 1697 2533 Klotzius
1720 2492 1948 2533 coniectura

332 2563 468 2604 tollere
501 2566 669 2604 conatus
702 2567 763 2605 est
795 2565 834 2604 in
866 2577 927 2604 vv.
973 2563 1094 2605 Andr.
1118 2564 1216 2604 922.
1269 2563 1432 2603 Phorm.
1466 2563 1562 2603 347.
1595 2563 1692 2604 483.
1726 2563 1822 2610 529,
1855 2574 1949 2602 cum

333 2633 491 2673 ¹silentio
524 2634 784 2686 praeterierit.
817 2647 877 2675 vr.
926 2634 1050 2674 Andr.
1084 2635 1181 2675 341.
1221 2633 1369 2674 Heaut.
1404 2633 1500 2673 328.
1543 2633 1704 2674 Phorm.
1728 2633 1825 2673 468.
1850 2633 1947 2672 525.

334 2704 428 2744 544.
462 2704 560 2744 Hec.
585 2705 681 2745 276.
717 2704 794 2745 Ad.
819 2705 914 2744 563.
974 2704 1065 2745 Mea
1097 2706 1237 2745 autem
1270 2703 1471 2744 sententia
1502 2703 1724 2744 auctoritas
1755 2702 1948 2742 librorum

333 2786 535 2814 manuscr.
579 2775 708 2815 maior
748 2777 821 2823 est,
865 2787 988 2827 quam
1033 2777 1079 2815 ut
1111 2774 1162 2815 ad
1194 2775 1323 2826 legem
1357 2774 1564 2826 quandam
1596 2774 1778 2815 versibus
1810 2775 1949 2825 poetae

334 2844 498 2884 arbitrio
545 2844 619 2884 viri
665 2845 878 2885 cuiusdam
925 2845 1028 2885 docti
1072 2845 1229 2886 illatam
1277 2844 1590 2886 sustentandam
1638 2844 1759 2886 verba
1800 2842 1948 2883 tradita

334 2914 485 2954 mutari
517 2913 646 2955 liceat.
