2080 3225
1106 173 1159 212 20

980 311 1146 377 Cap.
1183 311 1283 360 ΙΙ.

461 420 553 472 De
594 417 859 484 syllabis
899 419 966 469 et
1005 416 1178 469 elisis
1218 419 1284 468 et
1322 430 1539 475 vocem
1580 415 1801 468 elisam

885 499 1370 565 excipientibus,

460 621 640 661 Multum
682 620 809 667 abest,
856 622 902 660 ut
952 632 1092 660 omnes
1140 618 1411 671 synaloephae
1459 618 1602 658 eadem
1647 618 1729 659 sint
1771 618 1946 659 duritiax⁴

320 692 510 744 Namque
543 703 636 732 oum
668 691 708 731 in
742 690 936 731 elidendis
970 690 1138 742 syllabis
1171 689 1373 736 brevibus,
1417 701 1521 741 quae
1564 689 1606 728 in
1636 689 1817 730 vocalem
1850 702 1952 730 exe—-

323 765 408 810 unt,
439 762 503 802 vix
535 761 785 803 haerendum
817 761 880 805 sit,
913 761 1065 801 maiore
1097 772 1192 800 cum
1224 759 1439 800 offensione
1463 759 1734 812 corripiuntur
1756 760 1947 812 syllabae>

320 834 472 885 longae,
515 845 616 885 quas
657 834 786 884 poeta,
831 844 909 884 quo
942 831 1113 883 quisque
1154 830 1419 871 severioribus
1451 830 1603 870 normis
1636 843 1678 871 se
1710 830 1950 876 adstrinxit„

320 917 364 944 eo
396 904 528 944 rarius
571 915 652 955 seq.
687 903 843 955 syllaba
881 901 992 943 brevi
1032 901 1274 942 imminuere
1307 913 1432 941 ausus
1466 904 1538 941 est.
1603 899 1715 951 Quae
1747 913 1809 942 res
1842 913 1937 942 cum

320 976 376 1015 ita
409 987 449 1014 se
482 974 641 1022 habeat,
673 977 720 1013 ut
752 985 831 1025 qua
852 972 1065 1013 Terentius
1097 971 1138 1012 in
1169 972 1246 1012 hac
1267 984 1310 1012 re
1331 984 1432 1011 usus
1456 973 1561 1012 esset
1584 971 1738 1013 ratione
1760 971 1949 1013 dilucide

319 1047 539 1098 appareret,
573 1056 779 1084 summam
811 1055 974 1095 operam
1007 1042 1101 1082 huic
1133 1042 1358 1094 quaestioni
1392 1041 1481 1082 dedi
1516 1044 1638 1094 atque
1670 1055 1950 1096 quaecunque·

320 1116 396 1156 huo
437 1115 638 1168 pertinent
681 1126 806 1166 quam
846 1113 1150 1154 accuratissime
1192 1113 1305 1165 potui
1349 1113 1545 1165 respicere
1579 1113 1729 1153 studui.
1792 1113 1950 1166 Itaque-

318 1186 454 1227 vocab.
486 1198 639 1226 monos
672 1185 714 1224 in
746 1184 924 1224 vocalem
959 1184 1146 1224 exeuntia
1172 1183 1348 1232 vocibus,
1381 1195 1485 1236 quae
1505 1183 1548 1223 in
1572 1183 1750 1224 vocalem
1772 1183 1947 1235 longam

320 1257 520 1304 desinunt,
544 1257 714 1296 miscere
737 1268 815 1295 non
838 1267 963 1294 ausus
987 1267 1090 1301 sum,
1115 1257 1156 1294 et
1173 1266 1218 1294 ea
1242 1266 1393 1295 monos.
1419 1266 1521 1306 quae
1544 1254 1618 1295 litt.
1639 1245 1704 1316 ‘m'
1728 1254 1936 1302 finiuntur,

319 1340 341 1367 a
364 1327 529 1367 vocibus
556 1327 734 1379 plurium
758 1326 1007 1378 syllabarum
1032 1325 1071 1364 in
1095 1315 1160 1386 cm'
1185 1325 1424 1365 exeuntibus
1449 1325 1632 1377 separavi
1656 1337 1728 1365 suo
1752 1337 1950 1378 quaeque·

318 1399 399 1438 loco
440 1400 702 1445 tractaturus,
744 1397 937 1448 quoniam
979 1398 1138 1448 propter
1177 1396 1335 1435 hiatum
1369 1395 1612 1446 legitimum,
1644 1399 1782 1436 utrum
1816 1407 1946 1448 syna--

319 1469 456 1521 loepha
489 1468 573 1508 voci
605 1481 686 1519 seq.
708 1469 992 1519 coagmentata
1025 1479 1076 1506 an
1105 1466 1262 1506 hiantia
1294 1465 1463 1518 legenda
1494 1466 1588 1513 sint,
1611 1467 1815 1506 nonnullis
1838 1467 1949 1507 locis-

320 1541 520 1579 incertum
553 1542 624 1579 est.

459 1621 505 1660 In
543 1620 803 1671 congerendis
845 1620 1036 1672 exemplis
1078 1622 1243 1660 secutus
1287 1632 1378 1659 sum
1412 1619 1696 1659 Dziatzconem
1736 1619 1784 1659 iis
1826 1619 1948 1667 locis„

320 1704 417 1743 quos
450 1692 555 1731 infra
586 1692 761 1731 incertos
794 1690 1132 1736 commemorabo,
1166 1690 1351 1742 exceptis.

458 1773 518 1814 Ne
571 1774 750 1814 ambitus
802 1776 942 1813 autem
989 1773 1110 1813 liuius
1158 1772 1279 1812 libelli
1327 1772 1450 1812 nimis
1502 1773 1730 1823 augeretur,
1776 1771 1950 1823 singula,

319 1845 511 1897 exempla,
552 1856 654 1896 quae
695 1846 805 1884 certa
847 1844 939 1890 sint,
981 1856 1058 1883 non
1101 1843 1231 1890 attuli,
1277 1842 1346 1883 sed
1379 1842 1426 1882 de
1460 1842 1530 1890 eis,
1568 1854 1671 1894 quae
1703 1843 1750 1882 ut
1780 1841 1936 1882 incerta

320 1915 485 1966 neglexit
529 1915 668 1967 paucis
701 1927 772 1954 cur
804 1926 850 1954 ea
882 1914 1037 1954 incerta
1069 1916 1221 1966 putem,
1261 1913 1363 1953 ratio
1396 1912 1600 1953 reddenda
1631 1912 1732 1952 mihi
1763 1912 1961 1969 videtur„-

321 1985 424 2026 Sunt
456 1988 595 2026 autem
627 1985 700 2025 loci
734 1985 793 2025 hi:

856 2078 903 2121 Α.
946 2077 985 2121 in
1021 2077 1148 2121 iamb.
1182 2076 1393 2121 senariis:

457 2162 581 2203 Andr.
618 2163 666 2202 11
725 2174 807 2202 non
841 2162 897 2202 ita
929 2163 1030 2200 semi
1060 2160 1255 2201 dissimile]
1286 2162 1536 2212 armamento,
1570 2159 1643 2200 secl
1673 2161 1819 2201 lemnon.
1889 2159 1945 2200 In=

318 2233 391 2273 hoc
430 2246 550 2273 versu
592 2232 813 2273 exhibendo
851 2232 1006 2272 codices
1038 2231 1280 2283 discrepant.
1314 2229 1436 2271 Codd.
1471 2229 1691 2271 BCDGP
1721 2229 1935 2283 praebent:

320 2315 400 2343 non
436 2304 491 2343 itas
522 2302 717 2344 dissimili
748 2305 847 2342 smil
877 2304 1127 2355 armamento,
1161 2301 1232 2342 secl
1263 2303 1412 2352 taimen,
1453 2313 1555 2353 quae
1604 2301 1719 2341 lectio
1767 2312 1936 2340 mensu-

317 2385 405 2413 ram
439 2386 577 2414 versus
609 2373 835 2425 legitimam
879 2373 1052 2419 excedit;
1096 2385 1190 2413 cum
1224 2371 1360 2424 Umpf.
1393 2374 1434 2412 et
1465 2371 1655 2411 Fleckeis.
1718 2371 1947 2418 Ritterum,⁴

318 2444 386 2495 qui
418 2444 573 2484 indiciis
606 2444 751 2485 codicis
783 2444 815 2483 E
847 2443 1018 2484 fortasse
1048 2443 1249 2495 impulsus
1282 2442 1414 2482 verbis
1447 2441 1643 2482 dissimili
1674 2443 1774 2481 simi
1802 2443 1950 2481 trans-⁴

321 2514 491 2554 mutatis
553 2514 811 2555 offensionem
862 2513 1149 2554 removendam
1202 2525 1290 2553 esse
1342 2514 1480 2565 putat⁷
1530 2512 1659 2552 secuti
1721 2511 1934 2564 legendam

317 2586 565 2636 proponant:
606 2598 689 2625 icon
733 2586 790 2625 ita
829 2587 929 2624 suut
968 2583 1164 2624 dissimili
1193 2585 1444 2636 armamento,
1490 2582 1562 2623 secl
1592 2585 1741 2633 tamen,
1784 2582 1935 2634 optime

316 2654 486 2694 fortasse
533 2655 720 2695 Dziatzco
767 2657 807 2695 et
855 2654 1093 2707 Spengelius
1155 2666 1248 2694 voce
1312 2652 1384 2694 secl
1444 2665 1538 2694 cum
1594 2652 1776 2693 Bentleio
1817 2652 1858 2692 in
1899 2653 1936 2691 et

318 2726 478 2764 mutata
518 2725 730 2765 lectionem
778 2726 866 2766 libr.
906 2725 1152 2777 optimorum
1198 2724 1322 2764 hanc:
1379 2736 1463 2764 non
1507 2724 1563 2764 ila
1606 2721 1801 2764 dissimili
1837 2724 1936 2762 sitiit

316 2807 392 2846 ary
425 2827 433 2834 .
468 2827 477 2835 .
512 2827 520 2834 .
562 2795 744 2836 retinent.
803 2795 1060 2848 Synaloepha
1098 2795 1222 2847 igitur
1269 2793 1465 2835 dissimili
1505 2795 1742 2846 arsyztmeiito
1780 2792 1947 2833 comeo-—

316 2866 410 2904 tura
442 2864 581 2905 effecta
613 2865 838 2906 omittenda
874 2868 946 2906 est.
