2080 3225
1118 182 1173 221 26

336 323 500 364 tertiam
534 322 738 375 syllabam
770 322 878 362 vocis
910 320 1167 372 obstupefecit
1198 322 1360 373 longam
1393 333 1613 374 usurpasse
1644 321 1746 361 mihi
1779 320 1961 367 videtur,

334 395 392 434 ita
448 397 494 433 ut
539 393 708 433 lectione
763 391 949 432 codicum
1011 396 1171 432 servata
1219 391 1276 432 sic
1328 391 1582 432 metiendum
1641 403 1727 432 esse
1781 392 1954 444 putem:

335 497 342 503 .
379 496 386 503 .
420 462 608 503 timidam
642 462 695 503 ibi·
725 461 980 514 obstupefecit
1012 495 1019 502 .
1056 495 1063 502 .

476 534 572 573 309.
605 533 788 573 Dubium
821 536 893 580 est,
939 537 1078 573 utrum
1111 532 1295 573 adduce:
1317 544 1330 570 .·
1362 544 1404 571 eo
1436 543 1487 571 an
1519 531 1678 572 adduc:
1701 545 1714 571 .·
1745 545 1787 573 eo
1818 532 1955 583 legen-

334 603 432 643 dum
467 604 530 644 sit.

475 674 570 714 356.
614 686 752 713 versus
813 686 891 713 non
946 673 1147 724 genuinus
1202 672 1254 713 ab
1308 672 1498 712 omnibus
1555 671 1776 712 editoribus
1833 672 1960 713 uncis-

334 743 565 784 includitur.

1379 808 1549 846 ΛΑΑ
1564 800 1578 831 ζ

474 850 569 890 369.
603 852 744 889 contra
776 849 846 889 Dz.
882 849 918 889 h.
953 849 975 889 l.
1010 849 1141 900 legere
1175 848 1316 888 velim:
1351 850 1395 889 ni
1427 863 1518 889 enm
1550 861 1661 888 esse..

473 932 569 972 410.
601 930 752 971 ‹dalem›
783 930 914 980 haum
947 931 986 970 in
1019 930 1154 971 codice
1178 933 1209 970 A
1242 931 1389 982 legitur
1419 930 1563 978 abduc,
1596 931 1636 971 in
1669 930 1751 971 rell.
1784 929 1949 970 abduce.

336 1000 453 1042 Neue
487 1001 527 1041 in
560 1001 651 1042 libri
685 1001 857 1061 (Latein.
891 991 1189 1042 Formenlelire'
1222 999 1263 1040 II
1296 1014 1332 1054 p.
1365 1002 1450 1042 336
1483 1014 1563 1053 seq.
1597 1001 1748 1047 docuit,
1778 1000 1953 1053 impera·

333 1071 432 1112 tivos
455 1072 744 1112 vocabulorum
768 1076 807 1112 et·
836 1072 1082 1124 simplicium
1108 1062 1280 1134 (dicere',
1312 1063 1497 1134 tducere'7
1521 1061 1679 1134 ‘facere’
1701 1073 1742 1112 et
1758 1070 1954 1123 composi-

333 1148 466 1182 torum
509 1146 554 1182 ut
594 1133 823 1204 (abducere'
864 1142 971 1195 apud
1011 1146 1163 1183 veteres
1207 1143 1410 1183 Romanos
1451 1143 1691 1195 plerumque
1735 1141 1862 1182 vocali
1902 1131 1961 1204 (θ’

332 1213 569 1253 terminatos
602 1226 710 1258 esse:
744 1216 965 1265 utrumque
997 1213 1122 1264 igitur
1154 1217 1294 1266 poetae
1325 1225 1522 1265 usurpare
1555 1212 1682 1253 licuit.

475 1296 572 1335 667.
607 1294 738 1335 Verba
783 1295 903 1335 huius
937 1308 1076 1336 versus
1110 1295 1219 1336 varia
1252 1296 1510 1336 collocatione
1543 1295 1863 1347 coniunguntur,
1894 1294 1953 1334 ita

333 1368 377 1405 ut
410 1365 658 1418 synaloepha
681 1378 790 1416 pone
824 1367 959 1417 lnquit
988 1367 1029 1406 iu
1062 1366 1184 1406 dubio
1217 1366 1484 1418 relinquenda
1516 1366 1584 1406 sit.

472 1436 568 1477 5⁹09.
601 1437 780 1476 Dubium
814 1444 887 1483 est,
930 1439 1069 1477 utrum
1111 1439 1222 1477 fanto
1265 1450 1381 1487 opere
1425 1449 1477 1477 an
1521 1438 1728 1487 tantopere
1769 1436 1959 1476 statuen-

333 1506 430 1546 dum
465 1507 527 1547 sit.

474 1578 570 1617 949.
596 1578 749 1628 puerili
784 1579 1086 1627 inconstantia,-
1121 1579 1400 1619 ineonsmntm
1423 1578 1479 1618 Fl.
1504 1578 1675 1618 coniecit
1697 1589 1765 1630 pro
1798 1575 1951 1617 codicis

333 1649 363 1686 A
399 1649 612 1688 Sententia.

471 1718 567 1759 976.
601 1719 708 1759 hunc
741 1731 902 1759 versum
943 1731 988 1759 ex
1033 1719 1168 1760 Plaut.
1215 1719 1335 1759 Most.
1378 1720 1461 1759 655
1495 1722 1720 1772 sumptum,
1762 1719 1802 1759 id
1845 1718 1951 1772 quod

331 1787 485 1839 primus
518 1789 715 1830 intellexit
748 1788 1006 1836 Guilielmus,
1040 1790 1093 1831 ΕΙ.
1127 1794 1168 1830 et
1209 1789 1280 1830 Dz.
1313 1803 1386 1830 suo
1420 1790 1504 1831 iure
1536 1790 1654 1831 uncis
1686 1790 1951 1831 incluserunt.

470 1871 568 1911 Hec.
603 1873 640 1912 2.
676 1884 777 1912 noca
811 1873 848 1912 ei
881 1885 1042 1922 120z*0m‚·
1084 1873 1121 1913 ei
1153 1876 1214 1913 est
1245 1885 1291 1913 ex
1324 1873 1556 1913 coniectura
1590 1872 1785 1919 Bentleii;
1829 1872 1951 1913 metri

333 1953 457 1981 causa
489 1945 578 1993 post
610 1954 748 1982 vocem
781 1956 883 1983 ιιουιι
916 1943 1098 1990 verbum,
1142 1943 1247 1995 quod
1291 1943 1447 1983 orditur
1478 1955 1502 1983 a
1535 1943 1672 1989 vocali,
1706 1945 1779 1983 aut
1810 1954 1949 1983 mono-

331 2011 535 2062 syllabum
569 2016 640 2052 aut
672 2013 946 2065 pyrrhichium
980 2013 1214 2054 addendum
1247 2016 1319 2054 est.

474 2083 646 2124 'Ia——th
689 2083 771 2123 Hos
821 2096 971 2129 versus,
1030 2096 1129 2136 quos
1178 2084 1247 2124 Dz,
1291 2096 1337 2124 ex
1386 2084 1544 2136 prologo
1597 2083 1761 2125 fabulae
1800 2083 1950 2124 Heaut.

332 2156 514 2204 sumptos
547 2153 584 2193 h.
619 2153 642 2193 l.
675 2153 858 2200 inseruit,
891 2155 975 2194 iam
1008 2154 1047 2194 in
1081 2154 1242 2194 fabulae
1276 2154 1423 2195 Heaut.
1457 2154 1650 2207 exemplis
1682 2153 1947 2205 congerendis

332 2223 496 2274 respexi.

472 2294 537 2333 34.
572 2293 692 2334 Hunc
724 2306 887 2334 versum
929 2295 1073 2335 merito
1115 2295 1154 2335 in
1187 2295 1464 2347 suspicionem
1496 2295 1652 2335 vocavit
1685 2293 1959 2348 Grautoffius*

471 2377 654 2417 49-51.
695 2376 779 2417 Hos
823 2389 963 2417 versus
1005 2377 1062 2418 Fl.
1116 2380 1156 2417 et
1188 2377 1258 2418 Dz.
1301 2378 1338 2418 h.
1371 2377 1395 2417 l.
1438 2377 1594 2430 spurios
1636 2377 1759 2418 deleri
1800 2377 1948 2418 volunt.

332 2444 402 2484 Dz.
438 2446 487 2485 ad
521 2446 629 2487 hunc
661 2447 794 2487 locuni
827 2450 996 2487 annotat
1028 2448 1148 2488 haec:
1193 2448 1378 2509 (49—51
1421 2447 1551 2488 eidem
1593 2448 1633 2488 in
1667 2448 1816 2488 Heaut.
1850 2448 1947 2500 prol.

330 2515 501 2555 48-50
534 2517 743 2567 leguntur:
786 2530 1038 2570 quamquam
1076 2518 1116 2558 in
1151 2520 1184 2558 A
1217 2517 1295 2558 duo
1336 2518 1485 2571 priores
1518 2531 1657 2560 versus
1701 2518 1756 2559 ibi
1788 2518 1948 2565 desunt,

331 2597 396 2624 eos
429 2598 559 2638 neque
592 2587 632 2626 in
664 2590 835 2639 utroque
867 2588 1027 2640 prologo
1059 2588 1222 2628 admitti
1245 2591 1561 2629 consentaneum
1585 2591 1648 2629 est
1680 2589 1787 2629 etin
1810 2590 1955 2629 nostro-

329 2655 463 2707 aptius
495 2657 628 2697 omitti
672 2658 968 2698 sententiarum
999 2671 1174 2699 conexus
1206 2659 1339 2705 docetz
1379 2659 1520 2711 itaque
1562 2672 1657 2700 cum
1690 2658 1955 2700 Fleckeiseno-

329 2737 394 2765 eos
437 2727 574 2774 omisig
617 2728 732 2768 aliter
770 2729 894 2768 sentit
927 2728 1106 2780 Wagner
1147 2728 1196 2769 N.
1229 2728 1267 2770 J.
1314 2729 1425 2770 1865
1467 2742 1501 2782 p.
1548 2730 1629 2769 281
1676 2732 1716 2770 et
1755 2729 1798 2769 in
1841 2718 1953 2770 edd.''

330 2794 529 2846 Equidem
549 2796 617 2836 Dz.
653 2800 818 2837 secutus
851 2799 1132 2851 synaloephas,
1166 2811 1270 2851 quae
1298 2799 1554 2852 reperiunt-ur
1584 2801 1627 2840 in
1660 2799 1724 2840 his
1747 2798 1952 2846 versibus*

329 2864 491 2905 fabulae
525 2866 672 2906 Heaut.
707 2868 884 2909 attribui.
