2080 3225
1111 171 1165 210 30

474 311 597 351 1010.
632 310 753 351 Hunc
778 323 942 350 versum
975 323 1021 351 ex
1053 311 1239 351 codicum
1273 311 1544 364 discrepantia
1576 311 1816 364 interpretes
1840 310 1947 350 varie

323 394 406 422 *suo
440 381 606 421 arbitrio
639 382 948 421 constituerunt.

473 462 578 503 Eun.
613 463 708 502 591.
743 463 875 502 Huius
907 475 1046 503 versus
1081 475 1196 504 voces
1237 466 1276 504 et
1308 462 1420 503 codd.
1454 466 1495 503 et
1525 463 1696 504 editores
1729 463 1798 504 alii
1830 463 1950 503 aliter

330 534 596 585 coniungunt,
634 536 691 573 ut.
725 545 828 585 quae
861 533 1045 573 elisiones
1078 546 1101 573 a
1133 536 1249 586 poeta
1281 534 1366 586 ipso
1398 536 1618 585 usurpatae
1649 533 1743 579 sint.
1776 533 1949 573 discerni

335 608 520 656 nequeat.

472 680 570 720 662.
615 678 670 720 ille?
712 678 807 719 hinc
847 680 904 720 sic
943 680 1034 732 Dz,;
1076 680 1157 720 Btl.
1201 679 1299 720 Ieme
1342 678 1420 729 im,-
1469 679 1565 720 hinc
1603 679 1716 720 deest
1754 680 1797 720 in
1835 679 1948 720 codd.

331 750 571 790 Accuratius
605 749 652 790 de
694 750 730 791 h.
764 750 787 790 1.
830 750 966 801 agitur
1004 751 1046 790 in
1078 749 1381 802 Engelbrechtii
1422 749 1543 812 (stud.
1585 741 1756 791 Terent?
1801 763 1837 802 p.
1880 750 1947 790 69.

471 832 565 872 665.
602 831 720 872 Varie
743 832 782 872 in
806 832 917 872 libris
940 844 1143 873 manuscr.
1162 832 1284 872 huius
1303 844 1451 873 versus
1470 832 1669 872 vocabula
1691 832 1950 873 collocantur.

472 914 631 955 Phorm.
668 915 762 954 175.
796 926 927 967 neque
959 915 1080 955 verba
1120 915 1208 967 ipsa
1249 926 1378 967 neque
1412 926 1551 955 eorum
1584 914 1789 954 collocatio
1820 925 1949 966 usque

331 984 381 1025 ad
414 997 551 1025 vocem
584 975 802 1046 ‘amittere'
837 985 937 1025 satis
971 988 1084 1026 certa
1117 988 1223 1026 sunt.

477 1068 572 1107 194.
595 1067 636 1107 in
663 1080 723 1107 rr.
751 1068 980 1108 194—196
1014 1067 1272 1108 dimetiendis
1294 1067 1465 1108 editores
1488 1079 1535 1108 ex
1550 1067 1749 1120 scriptura
1765 1066 1950 1108 codicum

333 1137 441 1178 varia
473 1150 717 1190 magnopere
750 1138 1011 1179 dissentiunt.
1044 1138 1101 1178 ita
1134 1141 1179 1178 ut
1212 1139 1414 1179 incertum
1447 1138 1513 1181 sit.
1545 1137 1609 1178 cui
1643 1149 1834 1178 versuum
1866 1137 1951 1178 loco

332 1208 579 1260 synaloepha
612 1220 795 1260 quaeque
828 1208 1041 1249 tribuenda
1074 1209 1136 1250 sit.

473 1291 569 1330 243.
604 1290 737 1331 Lectio
777 1290 899 1331 huius
932 1303 1085 1332 versus.
1126 1303 1229 1343 quae
1270 1291 1475 1331 invenitur
1515 1291 1554 1330 in
1589 1288 1668 1332 Cic.
1701 1289 1818 1331 Tusc.
1851 1289 1950 1342 disp.

335 1360 407 1410 ΙΙΙ,
444 1362 570 1403 14.30,
603 1362 672 1401 ubi
706 1374 847 1402 versus
880 1361 1000 1401 huius
1034 1362 1196 1402 fabulae
1228 1362 1461 1402 241—246
1494 1360 1738 1408 afferuntur,
1782 1360 1950 1401 discedit

333 1444 354 1471 a
387 1431 580 1472 librorum
612 1431 699 1472 Ter.
736 1432 948 1485 scriptura.
982 1432 1050 1473 Dz.
1084 1432 1193 1472 hunc
1227 1444 1387 1472 versum
1421 1433 1584 1472 omnino
1617 1444 1694 1472 non
1726 1431 1951 1483 genuinum

332 1514 420 1542 esse
454 1514 530 1542 non
565 1502 650 1542 sinc
683 1515 807 1543 causa
841 1503 1081 1555 suspicatur.

477 1585 558 1625 795
592 1584 730 1625 rideo:
754 1598 766 1624 .·
807 1584 940 1634 (›]eem;
982 1589 1028 1625 ut
1062 1585 1210 1626 vitetur
1250 1585 1634 1638 proceleusmaticus
1674 1584 1814 1625 falsus.
1856 1596 1950 1625 cum

333 1655 444 1695 codd.
478 1654 645 1695 BCEP
676 1655 762 1695 leem
796 1669 864 1708 pro
896 1655 1005 1696 ehem
1038 1656 1253 1708 legendum
1287 1659 1358 1697 est.

474 1737 570 1778 Hec.
604 1739 699 1779 201.
741 1738 819 1778 Hic
859 1751 998 1779 versus
1039 1739 1368 1791 corruptissimus
1412 1740 1581 1779 fortasse
1623 1750 1700 1778 non
1742 1737 1949 1789 genuinus

334 1811 416 1854 est:
450 1808 521 1848 Dz.
555 1821 649 1848 cum
682 1809 798 1849 uncis
832 1809 1009 1849 inclusit.

474 1891 569 1931 3125.
610 1892 828 1931 concivisse
866 1905 953 1932 ere:
1008 1905 1073 1931 ere
1120 1892 1169 1931 ad
1222 1904 1384 1932 versum
1433 1904 1627 1931 mancum
1681 1889 1952 1943 supplendum

336 1960 413 2000 Btl.
448 1961 613 2002 addidit.

474 2031 548 2072 Ad.
583 2032 679 2072 262.
720 2030 851 2072 Codex
894 2035 926 2072 A
968 2032 1114 2073 litteris
1154 2033 1226 2084 >ism
1259 2035 1298 2073 et
1330 2033 1344 2072 i
1376 2036 1466 2084 post
1496 2045 1536 2072 m
1576 2031 1757 2072 inductis
1791 2030 1953 2071 exhibet

334 2101 724 2154 qulismonamiusim,
758 2102 869 2143 codd.
912 2101 987 2142 ΟΡ
1018 2103 1119 2154 quin
1152 2103 1292 2143 onmia.
1325 2101 1414 2152 sibi,
1462 2100 1677 2142 BDEFG
1710 2102 1782 2153 qui
1813 2101 1952 2142 omnia

335 2170 435 2213 sibi:
468 2172 584 2212 lectio
616 2172 742 2224 igitur
772 2172 927 2213 incerta
959 2162 1032 2213 est.

476 2255 571 2295 277.
604 2257 646 2294 ΐιι
678 2255 693 2295 «ἱ
727 2255 855 2304 infirm·
890 2255 903 2295 ῐ
934 2255 985 2295 ab
1019 2255 1097 2295 Btl.
1130 2254 1314 2295 additum
1347 2255 1514 2307 neglexi.

477 2337 572 2376 313.
606 2336 727 2377 Hunc
759 2349 922 2377 versum
956 2337 1070 2377 valde
1103 2339 1341 2390 corruptum
1372 2336 1443 2378 Dz.
1477 2337 1593 2377 uncis
1625 2337 1801 2377 inclusit.

478 2414 572 2453 334.
607 2412 750 2454 Codice
782 2415 815 2453 A
848 2414 1064 2466 praebetur
1096 2414 1134 2453 si
1164 2427 1354 2463 ‘nmmum
1386 2413 1472 2454 rell.
1505 2413 1618 2454 codd.
1651 2412 1730 2454 sibi.
1760 2425 1953 2461 uworenm

337 2482 405 2522 alii
436 2483 605 2524 editores
639 2483 806 2535 vestigia
848 2483 931 2524 cod.
964 2487 1009 2524 A.
1044 2484 1174 2525 secuti
1206 2484 1455 2536 scripserunt
1486 2496 1529 2524 se
1559 2496 1740 2534 ‘et-xorem,
1773 2483 1843 2523 alii
1874 2481 1954 2524 sibi

339 2566 526 2602 morem.-
558 2551 787 2606 utrumque
812 2554 890 2594 arti
922 2557 962 2595 et
993 2554 1287 2605 grammaticae
1320 2556 1361 2595 et
1391 2554 1584 2595 metricae
1616 2553 1844 2606 respondet.

479 2636 575 2675 533.
609 2635 731 2676 Elisio
764 2638 844 2676 esto
876 2649 943 2688 eqo
974 2637 1014 2676 in
1047 2637 1168 2677 (lubio
1211 2636 1475 2689 relinquenda
1516 2649 1604 2677 esse
1643 2636 1744 2676 mihi
1782 2635 1952 2683 videtur,

334 2716 431 2744 cum
463 2717 542 2745 non
575 2706 674 2746 satis
706 2706 873 2758 liqueat,
905 2719 1007 2747 num
1038 2712 1156 2759 poeta
1187 2709 1267 2747 esto
1299 2719 1351 2746 an
1382 2719 1425 2747 cs
1457 2707 1492 2747 h.
1525 2707 1547 2748 l.
1580 2706 1847 2759 usurpaverit.

480 2787 575 2827 539.
608 2785 777 2838 Legitur
808 2791 849 2828 et
876 2789 1014 2838 potine
1046 2791 1091 2828 ut
1121 2791 1161 2830 et
1188 2789 1301 2839 potin
1334 2790 1400 2837 πί,-
1432 2789 1677 2841 synaloepha
1698 2787 1822 2839 igitur
1843 2790 1953 2828 certa

338 2868 417 2896 non
450 2860 523 2897 est.
