1971 3205
985 154 1040 193 48

346 292 487 332 Restat
518 294 564 332 ut
595 292 777 344 exempla
809 305 855 333 ex
879 305 938 334 vv,
962 293 1086 334 troch.
1119 294 1334 334 octonariis
1357 306 1594 346 congeran13
1627 296 1724 335 sunt
1749 295 1824 336 illa,

203 376 283 415 seq.
317 363 406 415 syll.
440 362 634 415 producta
665 363 785 403 haec:

347 435 386 486 1)
422 432 526 473 Eun.
561 434 643 473 643
719 433 791 474 Ad.
828 434 920 474 156.
955 434 1051 474 617.

343 503 387 556 2)
421 503 567 544 Heaut.
605 504 702 544 569.
765 503 867 544 Eun.
904 505 999 544 746.
1062 503 1159 544 Hec.
1193 504 1289 545 613.
1352 505 1426 546 Ad.
1463 507 1556 547 160.

344 575 389 627 3)
422 574 570 614 Heaut.
607 575 701 614 175.
765 573 862 615 Hec.
898 575 994 616 527.

345 656 509 709 Syllaba
543 656 650 696 brevi
683 669 764 708 seq.
788 669 860 696 vox
883 656 988 697 dact.
1012 656 1052 696 in
1075 657 1255 697 litteram
1279 648 1349 718 ‘m'
1372 657 1559 699 desinens
1582 658 1822 711 corripiturt

202 728 298 768 Hec.
331 728 428 767 284.
492 726 548 766 Ex
581 727 642 767 his
675 727 866 779 exemplis
899 726 1164 767 inveniuntur
1185 727 1225 767 in
1249 727 1348 780 pede
1373 727 1550 769 secundo
1582 729 1621 777 2,
1653 729 1693 769 in
1715 729 1824 782 pede·

201 798 319 839 tertio
357 799 394 845 2,
437 798 476 837 111
521 797 619 850 pede
652 800 761 838 sexto
804 797 841 845 3,
894 797 933 837 111
976 797 1074 850 pede
1118 801 1261 850 quarto
1304 802 1344 839 et
1386 799 1556 852 septimo
1599 801 1639 840 et
1677 801 1825 840 octavo-

203 869 374 921 singula.

343 939 504 980 Voces
547 939 672 990 igitur
712 938 1018 991 dactylicas
1057 939 1271 980 Terentius
1314 940 1679 993 synaloephae
1720 952 1818 980 non

203 1010 430 1051 subiecit
461 1010 561 1049 nisi
603 1010 653 1049 in
684 1010 892 1061 syllaba
925 1012 1154 1050 accentu
1187 1010 1483 1062 rhythmico
1516 1011 1818 1063 ponderata.

203 1081 308 1122 Sane
340 1081 412 1121 loci
447 1092 569 1133 supra
600 1080 739 1120 omissi
763 1083 994 1132 supersunt,
1028 1080 1176 1132 quibus
1209 1080 1475 1121 consideratis
1507 1083 1554 1121 ut
1585 1093 1672 1121 rem
1703 1081 1829 1122 aliter-

202 1166 242 1193 se
275 1152 423 1192 habere
446 1151 663 1203 suspiceris
686 1150 831 1191 adduci
856 1151 1005 1203 possis;
1039 1153 1136 1191 sunt
1158 1153 1298 1192 autem
1320 1151 1359 1191 hi
1378 1165 1386 1191 :
1420 1151 1543 1192 Andr.
1572 1152 1653 1192 186
1676 1150 1827 1192 hocine-

201 1223 300 1275 agis.
363 1222 509 1262 Heaut.
544 1221 627 1261 203
662 1220 836 1261 huncine
870 1223 996 1262 erant.
1049 1221 1151 1262 Eun.
1186 1223 1240 1262 99
1275 1221 1399 1262 sicine
1432 1222 1532 1274 agis.
1574 1222 1658 1263 403
1693 1221 1820 1263 sicubi

201 1306 306 1334 enm.
352 1293 435 1333 804
476 1292 600 1332 sicine
644 1292 741 1343 agis.
815 1293 892 1331 851
939 1291 1068 1332 satine
1110 1291 1160 1332 id.
1244 1292 1402 1333 Phorin.
1443 1293 1526 1333 955
1574 1292 1709 1333 hicine
1761 1294 1819 1333 ut.

204 1365 314 1405 1012
347 1362 512 1404 haecine
545 1365 675 1403 erant.
742 1363 851 1402 1013
895 1362 1060 1403 haecine
1093 1366 1219 1403 erant.
1284 1362 1379 1404 Hec.
1413 1363 1498 1403 282
1532 1362 1703 1404 hancine
1735 1375 1820 1415 ego,

203 1436 282 1474 771
317 1433 483 1474 haecine
516 1436 615 1474 east.
659 1433 729 1474 Ad.
767 1434 847 1473 128
881 1433 1005 1473 sicine
1038 1433 1136 1483 agis.
1198 1434 1294 1474 237.
1329 1433 1470 1474 hocine
1501 1433 1605 1475 Tllos.
1669 1435 1723 1474 At
1754 1433 1819 1474 his

200 1506 416 1558 exemplis,
465 1505 496 1544 si
545 1504 775 1544 accuratius
823 1516 869 1544 ea
912 1504 1145 1556 inspexeris,
1194 1504 1306 1544 illam
1355 1504 1601 1545 sententiam
1648 1503 1819 1544 minime

201 1576 367 1617 refutari
400 1575 594 1616 concedes
627 1575 866 1626 intellegens
889 1587 1003 1615 voces
1038 1575 1097 1614 his
1123 1575 1216 1615 locis
1241 1577 1510 1623 occurrentes,
1533 1577 1820 1628 praeterquam

201 1647 306 1699 quod
339 1646 475 1686 onmia
508 1645 587 1686 fere
620 1646 720 1685 haec
753 1646 934 1698 exempla
967 1645 1230 1685 inveniuntur
1272 1645 1312 1685 in
1343 1645 1446 1698 pede
1479 1646 1622 1698 primo,
1668 1645 1709 1685 in
1743 1657 1831 1699 quo-

201 1717 472 1770 componendo
505 1717 631 1769 poetis
665 1729 823 1769 semper
855 1719 895 1756 et
921 1716 1071 1768 ubique
1094 1716 1245 1756 maiore
1269 1716 1434 1756 licentia
1467 1716 1524 1756 uti
1548 1715 1707 1763 licebat,
1739 1728 1823 1756 non

202 1802 289 1828 esse
323 1788 500 1839 legitime
534 1787 771 1838 dactylicas,
813 1787 881 1827 sed
927 1799 971 1827 ex
1005 1786 1162 1826 duobus
1195 1786 1400 1826 vocabulis
1435 1786 1668 1839 compositis
1702 1785 1820 1838 quasi

201 1859 316 1905 duas,
349 1857 488 1909 quales
522 1861 561 1898 et
604 1858 738 1910 ipsum
770 1859 930 1910 poetam
964 1869 1031 1897 eas
1064 1869 1105 1897 re
1138 1869 1232 1897 vera
1266 1859 1429 1908 putasse
1462 1857 1525 1897 vel
1559 1869 1605 1897 ex
1638 1869 1683 1897 eo
1715 1856 1822 1897 clare

201 1931 342 1975 elucet,
386 1928 488 1981 quod
533 1940 611 1968 non
654 1928 785 1967 solum
825 1928 868 1968 in
912 1927 1010 1980 pede
1052 1927 1193 1980 primo,
1233 1927 1303 1967 sed
1347 1928 1473 1967 etiam
1504 1927 1545 1967 in
1578 1927 1748 1980 pedibus
1781 1927 1822 1967 et

202 1999 378 2040 secundo
410 2002 450 2040 et
482 2001 626 2051 quarto
659 2001 699 2038 et
732 2002 842 2039 sexto
885 1998 1159 2050 paenultimae
1192 1998 1356 2038 illarum
1389 1998 1568 2050 syllabae
1601 1999 1820 2038 accentum

201 2070 401 2122 imposuit.
456 2068 650 2109 Similiter
680 2069 896 2109 Terentius
922 2069 1123 2120 syllabam
1146 2068 1444 2120 paenultimam
1468 2080 1612 2109 vocum
1635 2059 1819 2130 ‹Videness

203 2132 369 2201 (tacene'
417 2141 542 2180 vocali
591 2131 638 2201 (e'
687 2139 785 2180 elisa
833 2151 962 2191 aeque
1011 2151 1058 2179 ac
1104 2139 1394 2179 vocabulorum
1440 2138 1564 2178 iamb.
1616 2139 1821 2190 syllabam

201 2211 464 2263 posteriorem
511 2210 714 2262 corripuit.
791 2209 971 2256 Accedit,
1019 2209 1124 2261 quod
1172 2209 1282 2249 nullo
1330 2209 1406 2249 alio
1454 2209 1539 2249 loco
1586 2208 1822 2249 fabularum

200 2281 286 2321 Ter.
318 2281 514 2321 vocabula
547 2281 671 2320 trium
706 2281 764 2320 vel
796 2280 1022 2332 plurimum
1057 2279 1309 2331 syllabarum
1342 2279 1519 2327 (Phorm.
1557 2279 1667 2320 1038
1698 2277 1829 2330 sallei-

201 2352 304 2391 ce'am
327 2350 377 2392 ab
398 2350 511 2401 1ἱῖἶοσ,·
545 2351 655 2391 locus
679 2363 755 2390 non
779 2363 942 2402 prorsus
965 2352 1099 2391 certus
1123 2349 1217 2402 est.)
1239 2350 1281 2389 in
1305 2349 1398 2390 sede
1421 2350 1551 2390 thesis
1574 2349 1829 2402 dissyllabae>

202 2422 328 2461 altera
368 2422 684 2461 imminuuntur.
748 2420 861 2471 Quod
906 2433 1000 2460 cum
1040 2421 1097 2460 ita
1138 2433 1178 2461 se
1223 2420 1396 2469 habeat,
1439 2432 1585 2460 novam
1628 2419 1820 2472 synizesis

201 2491 307 2544 apud
346 2492 581 2532 Terentium
614 2491 919 2532 constituendae
952 2503 1120 2531 causam
1153 2491 1220 2536 eis,
1260 2503 1363 2542 quae
1397 2490 1570 2531 Boemer
1602 2491 1819 2531 comment.

205 2575 239 2614 p.
275 2563 327 2601 33
362 2575 470 2614 seqq.
504 2563 696 2615 exposuit,
731 2561 934 2602 addidisse
967 2561 1066 2601 mihi
1099 2561 1243 2602 videor.

342 2631 609 2672 Inveniuntur
655 2633 765 2672 enim
798 2632 896 2672 haec
928 2632 1130 2684 exempla:
1176 2631 1338 2672 Phorm.
1373 2631 1457 2672 309
1491 2629 1700 2671 Phaedria
1730 2643 1822 2670 eum

201 2701 373 2753 require.
436 2703 510 2742 Ad.
544 2704 568 2743 9
601 2701 740 2753 silbula
771 2715 858 2742 eum
894 2701 1086 2743 Plantas.
1136 2703 1189 2741 10
1219 2700 1421 2753 ‘inteymm
1454 2715 1545 2741 eum
1575 2699 1650 2741 hic.
1715 2699 1820 2741 Cum

201 2772 335 2823 igitur,
376 2775 420 2812 ut
461 2773 544 2812 iam
585 2785 706 2825 supra
739 2772 1063 2819 commemoravi,
1100 2772 1207 2812 nullo
1240 2772 1317 2812 alio
1349 2771 1583 2812 fabularum
1613 2770 1701 2812 Ter.
1733 2771 1827 2812 loco⁴

202 2842 336 2883 vocab.
389 2842 535 2894 dactyl.
589 2844 631 2883 in
683 2842 787 2883 thesi
840 2842 1026 2890 elidatur,
1079 2843 1141 2882 his
1194 2842 1304 2890 locis,
1351 2845 1397 2883 ut
1444 2842 1692 2895 synaloepha
1738 2840 1821 2881 arsi
